@inproceedings{bunz2020transparent,
  title={Transparent snarks from dark compilers},
  author={B{\"u}nz, Benedikt and Fisch, Ben and Szepieniec, Alan},
  booktitle={Annual International Conference on the Theory and Applications of Cryptographic Techniques},
  pages={677--706},
  year={2020},
  organization={Springer}
}

@article{yen2012multi,
  title={Multi-exponentiation algorithm based on binary GCD computation and its application to side-channel countermeasure},
  author={Yen, Sung-Ming and Chen, Chien-Ning and Moon, SangJae},
  journal={Journal of Cryptographic Engineering},
  volume={2},
  number={2},
  pages={99--110},
  year={2012},
  publisher={Springer}
}

@article{borges2017parallel,
  title={Parallel algorithms for modular multi-exponentiation},
  author={Borges, F{\'a}bio and Lara, Pedro and Portugal, Renato},
  journal={Applied Mathematics and Computation},
  volume={292},
  pages={406--416},
  year={2017},
  publisher={Elsevier}
}

@inproceedings{bootle2016efficient,
  title={Efficient zero-knowledge arguments for arithmetic circuits in the discrete log setting},
  author={Bootle, Jonathan and Cerulli, Andrea and Chaidos, Pyrros and Groth, Jens and Petit, Christophe},
  booktitle={Annual International Conference on the Theory and Applications of Cryptographic Techniques},
  pages={327--357},
  year={2016},
  organization={Springer}
}

@inproceedings{goldreich1986prove,
  title={How to prove all NP statements in zero-knowledge and a methodology of cryptographic protocol design},
  author={Goldreich, Oded and Micali, Silvio and Wigderson, Avi},
  booktitle={Conference on the Theory and Application of Cryptographic Techniques},
  pages={171--185},
  year={1986},
  organization={Springer}
}

@book{goldreich2007foundations,
  title={Foundations of cryptography: volume 1, basic tools},
  author={Goldreich, Oded},
  year={2007},
  publisher={Cambridge university press}
}

@inproceedings{fouque2014close,
  title={Close to uniform prime number generation with fewer random bits},
  author={Fouque, Pierre-Alain and Tibouchi, Mehdi},
  booktitle={International Colloquium on Automata, Languages, and Programming},
  pages={991--1002},
  year={2014},
  organization={Springer}
}

@inproceedings{joye2006fast,
  title={Fast generation of prime numbers on portable devices: An update},
  author={Joye, Marc and Paillier, Pascal},
  booktitle={International Workshop on Cryptographic Hardware and Embedded Systems},
  pages={160--173},
  year={2006},
  organization={Springer}
}

@inproceedings{maller2019sonic,
  title={Sonic: Zero-knowledge SNARKs from linear-size universal and updatable structured reference strings},
  author={Maller, Mary and Bowe, Sean and Kohlweiss, Markulf and Meiklejohn, Sarah},
  booktitle={Proceedings of the 2019 ACM SIGSAC Conference on Computer and Communications Security},
  pages={2111--2128},
  year={2019}
}

@inproceedings{goldwasser1985knowledge,
  title={The knowledge complexity of interactive proof systems, 17th},
  author={Goldwasser, S and Micali, S and Rackoff, C},
  booktitle={Annual ACM Symp. on Theory of Computing},
  volume={10},
  number={22145.22178},
  year={1985}
}

@article{canetti2004random,
  title={The random oracle methodology, revisited},
  author={Canetti, Ran and Goldreich, Oded and Halevi, Shai},
  journal={Journal of the ACM (JACM)},
  volume={51},
  number={4},
  pages={557--594},
  year={2004},
  publisher={ACM New York, NY, USA}
}

@inproceedings{maurer2004indifferentiability,
  title={Indifferentiability, impossibility results on reductions, and applications to the random oracle methodology},
  author={Maurer, Ueli and Renner, Renato and Holenstein, Clemens},
  booktitle={Theory of cryptography conference},
  pages={21--39},
  year={2004},
  organization={Springer}
}

@article{lindell2003parallel,
  title={Parallel coin-tossing and constant-round secure two-party computation.},
  author={Lindell, Yehuda},
  journal={Journal of Cryptology},
  volume={16},
  number={3},
  year={2003},
  publisher={Springer}
}

@inproceedings{bellare1992defining,
  title={On defining proofs of knowledge},
  author={Bellare, Mihir and Goldreich, Oded},
  booktitle={Annual International Cryptology Conference},
  pages={390--420},
  year={1992},
  organization={Springer}
}

@inproceedings{ben2019scalable,
  title={Scalable zero knowledge with no trusted setup},
  author={Ben-Sasson, Eli and Bentov, Iddo and Horesh, Yinon and Riabzev, Michael},
  booktitle={Annual International Cryptology Conference},
  pages={701--732},
  year={2019},
  organization={Springer}
}

@inproceedings{bunz2018bulletproofs,
  title={Bulletproofs: Short proofs for confidential transactions and more},
  author={B{\"u}nz, Benedikt and Bootle, Jonathan and Boneh, Dan and Poelstra, Andrew and Wuille, Pieter and Maxwell, Greg},
  booktitle={2018 IEEE Symposium on Security and Privacy (SP)},
  pages={315--334},
  year={2018},
  organization={IEEE}
}

@inproceedings{groth2016size,
  title={On the size of pairing-based non-interactive arguments},
  author={Groth, Jens},
  booktitle={Annual international conference on the theory and applications of cryptographic techniques},
  pages={305--326},
  year={2016},
  organization={Springer}
}

@article{gabizon2019plonk,
  title={PLONK: Permutations over Lagrange-bases for Oecumenical Noninteractive arguments of Knowledge.},
  author={Gabizon, Ariel and Williamson, Zachary J and Ciobotaru, Oana},
  journal={IACR Cryptol. ePrint Arch.},
  volume={2019},
  pages={953},
  year={2019}
}

@inproceedings{chiesa2020marlin,
  title={Marlin: Preprocessing zksnarks with universal and updatable srs},
  author={Chiesa, Alessandro and Hu, Yuncong and Maller, Mary and Mishra, Pratyush and Vesely, Noah and Ward, Nicholas},
  booktitle={Annual International Conference on the Theory and Applications of Cryptographic Techniques},
  pages={738--768},
  year={2020},
  organization={Springer}
}